@inproceedings{bergsma2016application,
  title={Application of Taylor Series Integration to Reentry Problems},
  author={Bergsma, Michiel and Mooij, Erwin},
  booktitle={AIAA Atmospheric Flight Mechanics Conference},
  pages={0024},
  year={2016}
}

@article{chang1982,
  title={Solving Ordinary Differential Equations Using {Taylor} Series},
  author={Chang, YF and Corliss, G},
  journal={ACM TOMS},
  volume={8},
  number={2},
  pages={114--144},
  year={1982},
}

@article{enright1987examples,
	Title = {Two {FORTRAN} Packages for Assessing Initial Value Methods},
  Author = {Enright, Wayne H. and Pryce, John D.},
	Journal = {ACM Transactions on Mathematical Software},
	Volume = 13,
	Year = 1987,
  Number = 1,
	Pages = {1--27}
}

@techreport{FADBAD++,
  Title={{FADBAD}, a flexible {C++} package for automatic differentiation using the forward and backward methods},
  Author={Bendsten, Claus and Stauning, Ole},
  Institution={Department of Mathematical Modelling},
  Address={Technical University of Denmark, DK-2800, Lyngby, Denmark},
  Month={August},
  Number={1996-x5-94},
  Year=1996
}

@book{GriewankADBook2/e,
	Author = {Griewank, A. and Walther, A.},
	Date-Modified = {2017-04-28 05:04:28 +0000},
	Edition = {second},
	Publisher = {SIAM, Philadelphia, PA, USA},
	Title = {Evaluating Derivatives: Principles and Techniques of Algorithmic Differentiation},
	Year = {2008}
}

@article{jorba2005software,
  title={A software package for the numerical integration of {ODE}s by means of high-order {Taylor} methods},
  author={Jorba, {\`A}ngel and Zou, Maorong},
  journal={Experimental Mathematics},
  volume={14},
  number={1},
  pages={99--117},
  year={2005},
  publisher={Taylor \& Francis}
}
